@book{rudin1976principles,
  title={Principles of Mathematical Analysis},
  author={Rudin, W.},
  isbn={9780070856134},
  lccn={75179033},
  series={International series in pure and applied mathematics},
  url={https://books.google.com.br/books?id=kwqzPAAACAAJ},
  year={1976},
  publisher={McGraw-Hill}
}

@book{raeburn1998morita,
  title={Morita equivalence and continuous-trace \ensuremath{C^*}-algebras},
  author={Raeburn, Iain and Williams, Dana P},
  number={60},
  year={1998},
  publisher={American Mathematical Soc.}
}

@article{borel1958theoreme,
  title={Le th{\'e}or{\`e}me de Riemann-Roch},
  author={Borel, Armand and Serre, Jean-Pierre},
  journal={Bulletin de la Soci{\'e}t{\'e} math{\'e}matique de France},
  volume={86},
  pages={97--136},
  year={1958}
}

@book{rudin1991functional,
  title={Functional Analysis},
  author={Rudin, W.},
  isbn={9780070542365},
  lccn={lc90005677},
  series={International series in pure and applied mathematics},
  url={https://books.google.com.br/books?id=Sh\_vAAAAMAAJ},
  year={1991},
  publisher={McGraw-Hill}
}
@article{brown1977stable,
  title={Stable isomorphism and strong Morita equivalence of \ensuremath{C^*}-algebras},
  author={Brown, Lawrence and Green, Philip and Rieffel, Marc},
  journal={Pacific Journal of Mathematics},
  volume={71},
  number={2},
  pages={349--363},
  year={1977},
  publisher={Mathematical Sciences Publishers}
}


@book{lance1995hilbert,
  title={Hilbert \ensuremath{C^*}-modules: a toolkit for operator algebraists},
  author={Lance, E Christopher},
  volume={210},
  year={1995},
  publisher={Cambridge University Press}
}

@book{grubb2008distributions,
  title={Distributions and Operators},
  author={Grubb, G.},
  isbn={9780387848945},
  lccn={2008937582},
  series={Graduate Texts in Mathematics},
  url={https://books.google.com.br/books?id=v7ydobPDBMgC},
  year={2008},
  publisher={Springer New York}
}

@book{spivak1971calculus,
  title={Calculus On Manifolds: A Modern Approach To Classical Theorems Of Advanced Calculus},
  author={Spivak, M.},
  isbn={9780813346120},
  url={https://books.google.com.br/books?id=epA4DgAAQBAJ},
  year={1971},
  publisher={Avalon Publishing}
}

@book{apostol2004mathematical,
  title={Mathematical Analysis: },
  author={Apostol, T.M.},
  isbn={9787111146896},
  series={HZ Books},
  url={https://books.google.com.br/books?id=ZRK-PAAACAAJ},
  year={2004},
  publisher={China Machine Press}
}

@book{martin2010grupos,
	title={Grupos, corpos e teoria de Galois},
	author={Martin, P.A.},
	isbn={9788578610654},
	url={https://books.google.com.br/books?id=LBi-cQAACAAJ},
	year={2010},
	publisher={Editora Livraria da F{\'\i}sica}
}

@article{galoisoeuvres,
	author = {Galois, Évarist},
	title = {Œeuvres mathématiques d’Évariste Galois},
	journaltitle = {Journal of Liouville},
	date = {1846},
	language = {Francês},
	url = {https://www.irphe.fr/~clanet/otherpaperfile/articles/Galois/N0029062_PDF_1_84.pdf},
}

@book{FlavioCoelho,
	author={Coelho, Flávio Ulhoa},
	title = {Um Curso de Álgebra Linear},
	year = {2001},
	editora = {EDUSP},
	isbn = {9788531405945},
	url = {https://books.google.com.br/books?id=aiLoWF-9AaoC},
}

%=============================
% Topologia Algébrica
%=============================

@book{hatcher2005algebraic,
  title={Algebraic topology},
  author={Hatcher, Allen},
  year={2005},
  publisher={Tsinghua University Press Co., Ltd.}
}

@book{bredon2013topology,
  title={Topology and geometry},
  author={Bredon, Glen E},
  volume={139},
  year={2013},
  publisher={Springer Science \& Business Media}
}

@book{lima1977grupo,
  title={Grupo fundamental e espa{\c{c}}os de recobrimento},
  author={Lima, Elon Lages},
  year={1977},
  publisher={Instituto de Matem{\'a}tica Pura e Aplicada do CN Pq.}
}

@article{bose1995lee,
  title={Lee distance and topological properties of k-ary n-cubes},
  author={Bose, Bella and Broeg, Bob and Kwon, Younggeun and Ashir, Yaagoub},
  journal={IEEE Transactions on Computers},
  volume={44},
  number={8},
  pages={1021--1030},
  year={1995},
  publisher={IEEE}
}

@electronic{struchiner2020lista01,
	author = {Ivan Struchiner},
	title = {Lista 1: Um Pouco de Topologia e Variedades Topológicas
	},
	date = {01/09/2020},
	url = {https://www.ime.usp.br/~ivanstru/Site/MAT431-2019_Files/Lista1-2019.pdf},
}

@book{cordes2006elliptic,
  title={Elliptic pseudo-differential operators: An abstract theory},
  author={Cordes, Heinz O},
  volume={756},
  year={2006},
  publisher={Springer},
  url={https://b-ok.lat/book/2127623/9aaf38}
}

%note={\href{https://b-ok.lat/book/2127623/9aaf38}{\textsf{{https://b-ok.lat/book/2127623/9aaf38}}}}

@book{armstrong2013basic,
  title={Basic topology},
  author={Armstrong, Mark Anthony},
  year={2013},
  publisher={Springer Science \& Business Media}
}


@misc{breen2017classification,
  title={The Classification of Surfaces},
  author={Breen, Casey},
  url={http://math.uchicago.edu/~may/REU2017/REUPapers/Breen-Edelstein.pdf},
  year={2017}
}

@misc{zhang2017classification,
  title={Classification of Surfaces},
  author={Zhang, Yujie},
  url={http://math.uchicago.edu/~may/REU2016/REUPapers/Zhang,Y.pdf},
  year={2016}
}

@book{zeeman1966introduction,
  title={An introduction to topology: The classification theorem for surfaces},
  author={Zeeman, Eric-Christopher},
  year={1966},
  publisher={Mathematics Institute, University of Warwick},
  NOTE={Survey original: \url{https://www.maths.ed.ac.uk/~v1ranick/surgery/ecztop.pdf}; Versão digitalizada: \url{https://www.maths.ed.ac.uk/~v1ranick/surgery/zeeman.pdf}.},
}

@misc{putmanquick,
  title={A quick proof of the classification of surfaces},
  author={Putman, Andrew},
  url={https://www3.nd.edu/~andyp/notes/ClassificationSurfaces.pdf}
}

%======================
% K-teoria
%======================

@book{wegge1993k,
  title={K-theory and \ensuremath{\textsc{C}^*}-algebras.},
  author={Wegge-Olsen, Niels Erik},
  year={1993},
  publisher={Oxford university press}
}

@book{blackadar1998k,
  title={K-theory for operator algebras},
  author={Blackadar, Bruce},
  volume={5},
  year={1998},
  publisher={Cambridge University Press}
}

@book{jensen2012elements,
  title={Elements of KK-theory},
  author={Jensen, Kjeld Knudsen and Thomsen, Klaus},
  year={2012},
  publisher={Springer Science \& Business Media}
}

@article{segal1947irreducible,
  title={Irreducible representations of operator algebras},
  author={Segal, Irving E},
  journal={Bulletin of the American Mathematical Society},
  volume={53},
  number={2},
  pages={73--88},
  year={1947},
  publisher={American Mathematical Society},
  note={\url{https://www.ams.org/journals/bull/1947-53-02/S0002-9904-1947-08742-5/}}
}

@inproceedings{nelson1961proof,
  title={A proof of Liouville’s theorem},
  author={Nelson, Edward},
  booktitle={Proc. AMS},
  volume={12},
  pages={995},
  year={1961},
  note={\url{https://www.ams.org/journals/proc/1961-012-06/S0002-9939-1961-0259149-4/}}
}

@article{ogasawara1955theorem,
author = {T{\^o}zir{\^o} Ogasawara},
title = {{A Theorem on Operator Algebras}},
volume = {18},
journal = {Journal of Science of the Hiroshima University, Series A (Mathematics, Physics, Chemistry)},
number = {3},
publisher = {Hiroshima University, Mathematics Program},
pages = {307 -- 309},
year = {1955},
doi = {10.32917/hmj/1556935304},
URL = {https://doi.org/10.32917/hmj/1556935304}
}

@article{paschke1973inner,
  title={Inner product modules over \ensuremath{B^*}-algebras},
  author={Paschke, William L},
  journal={Transactions of the American Mathematical Society},
  volume={182},
  pages={443--468},
  year={1973},
  note={\url{https://www.ams.org/journals/tran/1973-182-00/S0002-9947-1973-0355613-0/S0002-9947-1973-0355613-0.pdf}}
}

@book{reed2012methods,
  title={Methods of modern mathematical physics: Functional analysis},
  author={Reed, Michael},
  year={2012},
  publisher={Elsevier}
}

@article{rieffel1981c,
  title={\ensuremath{C^*}-algebras associated with irrational rotations},
  author={Rieffel, Marc},
  journal={Pacific Journal of Mathematics},
  volume={93},
  number={2},
  pages={415--429},
  year={1981},
  publisher={Mathematical Sciences Publishers},
  note={\url{https://msp.org/pjm/1981/93-2/pjm-v93-n2-p12-s.pdf}}
}

@book{douglas1998banach,
  title={Banach algebra techniques in operator theory},
  author={Douglas, Ronald G},
  volume={179},
  year={1998},
  publisher={Springer Science \& Business Media}
}

@article{sokal2011uniform,
author = {Alan D. Sokal},
title = {A Really Simple Elementary Proof of the Uniform Boundedness Theorem},
journal = {The American Mathematical Monthly},
volume = {118},
number = {5},
pages = {450-452},
year  = {2011},
publisher = {Taylor & Francis},
doi = {10.4169/amer.math.monthly.118.05.450},
note = {\url{https://www.tandfonline.com/doi/abs/10.4169/amer.math.monthly.118.05.450}},
eprint = {https://www.tandfonline.com/doi/pdf/10.4169/amer.math.monthly.118.05.450}
}

@article{liu2019polar,
  title={The polar decomposition for adjointable operators on Hilbert \ensuremath{C^*}-modules and \ensuremath{n}-centered operators},
  author={Liu, Na and Luo, Wei and Xu, Qingxiang},
  journal={Banach Journal of Mathematical Analysis},
  volume={13},
  number={3},
  pages={627--646},
  year={2019},
  publisher={Tusi Mathematical Research Group},
  note={\url{https://projecteuclid.org/journals/banach-journal-of-mathematical-analysis/volume-13/issue-3/----Custom-HTML----The/10.1215/17358787-2018-0027.short?tab=ArticleFirstPage}}
}

@article{cuntz1984k,
  title={\ensuremath{K}-theory and \ensuremath{C^*}-algebras},
  author={Cuntz, Joachim},
  journal={Lecture Notes in mathematics},
  volume={1046},
  pages={55--79},
  year={1984},
  publisher={Springer, Berlin}
}

@article{mingo1984equivariant,
  title={Equivariant triviality theorems for Hilbert \ensuremath{C^*}-modules},
  author={Mingo, James A and Phillips, William J},
  journal={Proceedings of the American Mathematical Society},
  volume={91},
  number={2},
  pages={225--230},
  year={1984},
  note={\url{https://www.ams.org/journals/proc/1984-091-02/S0002-9939-1984-0740176-0/S0002-9939-1984-0740176-0.pdf}}
}

@book{dixmier1982c,
  title={\ensuremath{C^*}-algebras},
  author={Dixmier, J.},
  isbn={9780444863911},
  lccn={77007133},
  series={North-Holland mathematical library},
  url={https://books.google.com.br/books?id=P34ZAQAAIAAJ},
  year={1982},
  publisher={North-Holland}
}


@article{singh2006spectrum,
  title={The spectrum in a Banach algebra},
  author={Singh, Dinesh},
  journal={The American Mathematical Monthly},
  volume={113},
  number={8},
  pages={756--758},
  year={2006},
  publisher={Taylor \& Francis}
}

@article{alaoglu1940,
 ISSN = {0003486X},
 URL = {http://www.jstor.org/stable/1968829},
 author = {Leon Alaoglu},
 journal = {Annals of Mathematics},
 number = {1},
 pages = {252--267},
 publisher = {Annals of Mathematics},
 title = {Weak Topologies of Normed Linear Spaces},
 urldate = {2022-08-06},
 volume = {41},
 year = {1940}
}

@book{simmons1963introduction,
  title={Introduction to topology and modern analysis},
  author={Simmons, George F},
  volume={44},
  year={1963},
  publisher={Tokyo}
}

@article{kaplansky1953modules,
  title={Modules over operator algebras},
  author={Kaplansky, Irving},
  journal={American Journal of Mathematics},
  volume={75},
  number={4},
  pages={839--858},
  year={1953},
  publisher={JSTOR}
}

@book{manuilov2001hilbert,
  title={Hilbert \ensuremath{C^*}-Modules},
  author={Manuilov, V. M. and Troitsky, E. V.},
  year={2001},
  publisher={American Mathematical Society}
}

@article{exel7fredholm,
  title={A Fredholm operator approach to Morita equivalence},
  author={Exel, Ruy},
  journal={K-Theory},
  volume={7},
  number={3},
  publisher={Springer},
  note={\url{http://mtm.ufsc.br/~exel/papers/morita.pdf}}
}

@article{brown1977morita,
  title={Stable isomorphism and strong Morita equivalence of \ensuremath{C^*}-algebras},
  author={Brown, Lawrence and Green, Philip and Rieffel, Marc},
  journal={Pacific Journal of Mathematics},
  volume={71},
  number={2},
  pages={349--363},
  year={1977},
  publisher={Mathematical Sciences Publishers},
  note={\url{https://projecteuclid.org/journals/pacific-journal-of-mathematics/volume-71/issue-2/Stable-isomorphism-and-strong-Morita-equivalence-of-C-algebras/pjm/1102811432.full?tab=ArticleLinkCited}}
}

@article{connes85noncommutative,
     author = {Connes, Alain},
     title = {Non-commutative differential geometry},
     journal = {Publications Math\'ematiques de l'IH\'ES},
     pages = {41--144},
     publisher = {Institut des Hautes \'Etudes Scientifiques},
     volume = {62},
     year = {1985},
     zbl = {0592.46056},
     mrnumber = {87i:58162},
     language = {en},
     note={\url{http://www.numdam.org/item/PMIHES_1985__62__41_0/}}
}

@article{RIEFFEL1974176,
    title = {Induced representations of \ensuremath{C^*}-Algebras},
    journal = {Advances in Mathematics},
    volume = {13},
    number = {2},
    pages = {176-257},
    year = {1974},
    issn = {0001-8708},
    doi = {https://doi.org/10.1016/0001-8708(74)90068-1},
    note={\url{https://www.sciencedirect.com/science/article/pii/0001870874900681}},
    author = {Marc A Rieffel}
}

@article{kasparov1980stinespring,
 ISSN = {03794024, 18417744},
 URL = {http://www.jstor.org/stable/24713855},
 author = {G. G. KASPAROV},
 journal = {Journal of Operator Theory},
 number = {1},
 pages = {133--150},
 publisher = {Theta Foundation},
 title = {HILBERT \ensuremath{C^*}-MODULES : THEOREMS OF STINESPRING AND VOICULESCU},
 urldate = {2022-08-07},
 volume = {4},
 year = {1980}
}


@MISC {aweygan2020,
    TITLE = {Strictly positive element in unital $C^*$-algebra is invertible},
    AUTHOR = {Aweygan (https://math.stackexchange.com/users/234668/aweygan)},
    HOWPUBLISHED = {Mathematics Stack Exchange},
    YEAR = {2020},
    NOTE = {URL:https://math.stackexchange.com/q/3926191 (version: 2020-11-28)},
    EPRINT = {https://math.stackexchange.com/q/3926191},
    URL = {https://math.stackexchange.com/q/3926191}
}

@MISC {239982,
    TITLE = {Operators on Hilbert \ensuremath{C^*}-module and families of Fredholm operators},
    AUTHOR = {Johannes Ebert (\url{https://mathoverflow.net/users/9928/johannes-ebert})},
    HOWPUBLISHED = {MathOverflow},
    NOTE = {URL:\url{https://mathoverflow.net/q/239982} (version: 2016-05-28)},
    EPRINT = {https://mathoverflow.net/q/239982},
    URL = {https://mathoverflow.net/q/239982}
}

@article{dontchev2020bartle,
  title={Bartle-Graves theorem revisited},
  author={Dontchev, Asen L},
  journal={Set-Valued and Variational Analysis},
  volume={28},
  number={1},
  pages={109--122},
  year={2020},
  publisher={Springer},
  NOTE={\url{https://link.springer.com/article/10.1007/s11228-019-00524-1}}
}

@misc{aliprantisinfinite,
  title={Infinite Dimensional Analysis},
  author={Aliprantis, Ch D and Border, KC},
  year={1994},
  publisher={Springer-Verlag}
}

@book{hagen2000c,
  title={\ensuremath{C^*}-algebras and numerical analysis},
  author={Hagen, Ronald and Roch, Steffen and Silbermann, Bernd},
  year={2000},
  publisher={CRC Press}
}

@book{karoubi2008k,
  title={\ensuremath{K}-theory: An introduction},
  author={Karoubi, Max},
  volume={226},
  year={2008},
  publisher={Springer Science \& Business Media}
}